<record><leader>00000cas a22000007a 4500</leader><controlfield tag="001">28390085</controlfield><controlfield tag="008">930707d1906190uokuwr ne      0    0eng d</controlfield><datafield ind1=" " ind2=" " tag="010"><subfield code="a">sn 93066099 </subfield></datafield><datafield ind1=" " ind2=" " tag="040"><subfield code="a">OBN</subfield><subfield code="b">eng</subfield><subfield code="c">OBN</subfield><subfield code="d">OCLCQ</subfield></datafield><datafield ind1=" " ind2=" " tag="042"><subfield code="a">msc</subfield></datafield><datafield ind1="0" ind2="4" tag="245"><subfield code="a">The Hooker republican.</subfield></datafield><datafield ind1=" " ind2=" " tag="260"><subfield code="a">Hooker, Beaver County, Okla. :</subfield><subfield code="b">Hooker Pub. Co.</subfield></datafield><datafield ind1=" " ind2=" " tag="300"><subfield code="a">v.</subfield></datafield><datafield ind1=" " ind2=" " tag="310"><subfield code="a">Weekly</subfield></datafield><datafield ind1="1" ind2=" " tag="362"><subfield code="a">Began in 1906.</subfield></datafield><datafield ind1=" " ind2=" " tag="588"><subfield code="a">Description based on: Vol. 1, no. 15 (Sept. 14, 1906).</subfield></datafield><datafield ind1=" " ind2="4" tag="651"><subfield code="a">Hooker (Okla.)</subfield><subfield code="v">Newspapers.</subfield></datafield><datafield ind1=" " ind2="4" tag="651"><subfield code="a">Texas County (Okla.)</subfield><subfield code="v">Newspapers.</subfield></datafield><datafield ind1=" " ind2=" " tag="752"><subfield code="a">United States</subfield><subfield code="b">Oklahoma</subfield><subfield code="c">Texas</subfield><subfield code="d">Hooker.</subfield></datafield><datafield ind1="1" ind2=" " tag="029"><subfield code="a">AU@</subfield><subfield code="b">000025885340</subfield></datafield></record>